@misc{sujet,
    author = "David Renault",
    title = "\textit{Génération Procédurale}",
    howpublished = {\texttt{https://www.labri.fr/perso/renault/\\working/teaching/projets/2020-21-S6-C-Quoridor.php}},
    note = {Accessed: 14.05.2021}
}

@misc{cours,
    author = {Julien Allali},
    title = {\textit{Programmation C avancée}},
    howpublished  = {\texttt{https://www.labri.fr/perso/allali/wp-content/\\uploads/2021/03/pg106.pdf}},
    note = {Accessed: 20.05.2021}
}

@misc{voisinage,
    author = {Wikipédia},
    title = {\textit{Voisinage de von Neumann}},
    howpublished  = {\texttt{https://fr.wikipedia.org/wiki/Voisinage\_de\_von\_Neumann}},
    note = {Accessed: 20.05.2021}
}


@misc{openings,
    author = "QuoridorStrats",
    title = "\textit{Openings}",
    howpublished = {\texttt{https://quoridorstrats.wordpress.com/\\category/strategy/openings/}},
    note = {Accessed: 14.05.2021}
}

@misc{quickbox,
    author = "QuoridorStrats",
    title = "\textit{Quick Box opening}",
    howpublished = {\texttt{https://quoridorstrats.wordpress.com/\\2014/09/24/openings-the-quick-box/}},
    note = {Accessed: 14.05.2021}
}
